@misc{tcga,
    title = {TCGA research network},
    howpublished = "{ https://www.cancer.gov/tcga}"
}

@article{ensembl,
  doi = {10.1093/nar/gkab1049},
  url = {https://doi.org/10.1093/nar/gkab1049},
  year = {2021},
  month = nov,
  publisher = {Oxford University Press ({OUP})},
  volume = {50},
  number = {D1},
  pages = {D988--D995},
  author = {Fiona Cunningham and James E Allen and Jamie Allen and Jorge Alvarez-Jarreta and M~Ridwan Amode and Irina~M Armean and Olanrewaju Austine-Orimoloye and Andrey~G Azov and If Barnes and Ruth Bennett and Andrew Berry and Jyothish Bhai and Alexandra Bignell and Konstantinos Billis and Sanjay Boddu and Lucy Brooks and Mehrnaz Charkhchi and Carla Cummins and Luca Da~Rin~Fioretto and Claire Davidson and Kamalkumar Dodiya and Sarah Donaldson and Bilal El~Houdaigui and Tamara El~Naboulsi and Reham Fatima and Carlos Garcia Giron and Thiago Genez and Jose~Gonzalez Martinez and Cristina Guijarro-Clarke and Arthur Gymer and Matthew Hardy and Zoe Hollis and Thibaut Hourlier and Toby Hunt and Thomas Juettemann and Vinay Kaikala and Mike Kay and Ilias Lavidas and Tuan Le and Diana Lemos and Jos{\'{e}} Carlos Marug{\'{a}}n and Shamika Mohanan and Aleena Mushtaq and Marc Naven and Denye~N Ogeh and Anne Parker and Andrew Parton and Malcolm Perry and Ivana Pili{\v{z}}ota and Irina Prosovetskaia and Manoj~Pandian Sakthivel and Ahamed~Imran~Abdul Salam and Bianca~M Schmitt and Helen Schuilenburg and Dan Sheppard and Jos{\'{e}}~G P{\'{e}}rez-Silva and William Stark and Emily Steed and Ky\"{o}sti Sutinen and Ranjit Sukumaran and Dulika Sumathipala and Marie-Marthe Suner and Michal Szpak and Anja Thormann and Francesca Floriana Tricomi and David Urbina-G{\'{o}}mez and Andres Veidenberg and Thomas~A Walsh and Brandon Walts and Natalie Willhoft and Andrea Winterbottom and Elizabeth Wass and Marc Chakiachvili and Bethany Flint and Adam Frankish and Stefano Giorgetti and Leanne Haggerty and Sarah~E Hunt and Garth~R IIsley and Jane~E Loveland and Fergal~J Martin and Benjamin Moore and Jonathan~M Mudge and Matthieu Muffato and Emily Perry and Magali Ruffier and John Tate and David Thybert and Stephen~J Trevanion and Sarah Dyer and Peter~W Harrison and Kevin~L Howe and Andrew~D Yates and Daniel~R Zerbino and Paul Flicek},
  title = {Ensembl 2022},
  journal = {Nucleic Acids Research}
}
@article{biomart,
    title = {Mapping identifiers for the integration of genomic datasets with the R/Bioconductor package biomaRt},
    author = {Steffen Durinck and Paul T. Spellman and Ewan Birney and Wolfgang Huber},
    journal = {Nature Protocols},
    year = {2009},
    volume = {4},
    pages = {1184--1191},
}

@article{edger,
    author = {Davis J McCarthy and Yunshun Chen and Gordon K Smyth},
    title = {Differential expression analysis of multifactor RNA-Seq experiments with respect to biological variation},
    year = {2012},
    journal = {Nucleic Acids Research},
    volume = {40},
    number = {10},
    pages = {4288-4297},
    doi = {10.1093/nar/gks042},
}

@article{clusterprofiler,
    title = {clusterProfiler 4.0: A universal enrichment tool for interpreting omics data},
    author = {Tianzhi Wu and Erqiang Hu and Shuangbin Xu and Meijun Chen and Pingfan Guo and Zehan Dai and Tingze Feng and Lang Zhou and Wenli Tang and Li Zhan and xiaochong Fu and Shanshan Liu and Xiaochen Bo and Guangchuang Yu},
    journal = {The Innovation},
    year = {2021},
    volume = {2},
    number = {3},
    pages = {100141},
    doi = {10.1016/j.xinn.2021.100141},
}

@article{go-original,
  doi = {10.1038/75556},
  url = {https://doi.org/10.1038/75556},
  year = {2000},
  month = may,
  publisher = {Springer Science and Business Media {LLC}},
  volume = {25},
  number = {1},
  pages = {25--29},
  author = {Michael Ashburner and Catherine A. Ball and Judith A. Blake and David Botstein and Heather Butler and J. Michael Cherry and Allan P. Davis and Kara Dolinski and Selina S. Dwight and Janan T. Eppig and Midori A. Harris and David P. Hill and Laurie Issel-Tarver and Andrew Kasarskis and Suzanna Lewis and John C. Matese and Joel E. Richardson and Martin Ringwald and Gerald M. Rubin and Gavin Sherlock},
  title = {Gene Ontology: tool for the unification of biology},
  journal = {Nature Genetics}
}
@article{go-update,
  doi = {10.1093/nar/gkaa1113},
  url = {https://doi.org/10.1093/nar/gkaa1113},
  year = {2020},
  month = dec,
  publisher = {Oxford University Press ({OUP})},
  volume = {49},
  number = {D1},
  pages = {D325--D334},
  author = {and Seth Carbon and Eric Douglass and Benjamin M Good and Deepak R Unni and Nomi L Harris and Christopher J Mungall and Siddartha Basu and Rex L Chisholm and Robert J Dodson and Eric Hartline and Petra Fey and Paul D Thomas and Laurent-Philippe Albou and Dustin Ebert and Michael J Kesling and Huaiyu Mi and Anushya Muruganujan and Xiaosong Huang and Tremayne Mushayahama and Sandra A LaBonte and Deborah A Siegele and Giulia Antonazzo and Helen Attrill and Nick H Brown and Phani Garapati and Steven J Marygold and Vitor Trovisco and Gil dos Santos and Kathleen Falls and Christopher Tabone and Pinglei Zhou and Joshua L Goodman and Victor B Strelets and Jim Thurmond and Penelope Garmiri and Rizwan Ishtiaq and Milagros Rodr{\'{\i}}guez-L{\'{o}}pez and Marcio L Acencio and Martin Kuiper and Astrid L{\ae}greid and Colin Logie and Ruth C Lovering and Barbara Kramarz and Shirin C C Saverimuttu and Sandra M Pinheiro and Heather Gunn and Renzhi Su and Katherine E Thurlow and Marcus Chibucos and Michelle Giglio and Suvarna Nadendla and James Munro and Rebecca Jackson and Margaret J Duesbury and Noemi Del-Toro and Birgit H M Meldal and Kalpana Paneerselvam and Livia Perfetto and Pablo Porras and Sandra Orchard and Anjali Shrivastava and Hsin-Yu Chang and Robert Daniel Finn and Alexander Lawson Mitchell and Neil David Rawlings and Lorna Richardson and Amaia Sangrador-Vegas and Judith A Blake and Karen R Christie and Mary E Dolan and Harold J Drabkin and David P Hill and Li Ni and Dmitry M Sitnikov and Midori A Harris and Stephen G Oliver and Kim Rutherford and Valerie Wood and Jaqueline Hayles and J\"{u}rg B\"{a}hler and Elizabeth R Bolton and Jeffery L De Pons and Melinda R Dwinell and G Thomas Hayman and Mary L Kaldunski and Anne E Kwitek and Stanley J F Laulederkind and Cody Plasterer and Marek A Tutaj and Mahima Vedi and Shur-Jen Wang and Peter D'Eustachio and Lisa Matthews and James P Balhoff and Suzi A Aleksander and Michael J Alexander and J Michael Cherry and Stacia R Engel and Felix Gondwe and Kalpana Karra and Stuart R Miyasato and Robert S Nash and Matt Simison and Marek S Skrzypek and Shuai Weng and Edith D Wong and Marc Feuermann and Pascale Gaudet and Anne Morgat and Erica Bakker and Tanya Z Berardini and Leonore Reiser and Shabari Subramaniam and Eva Huala and Cecilia N Arighi and Andrea Auchincloss and Kristian Axelsen and Ghislaine Argoud-Puy and Alex Bateman and Marie-Claude Blatter and Emmanuel Boutet and Emily Bowler and Lionel Breuza and Alan Bridge and Ramona Britto and Hema Bye-A-Jee and Cristina Casals Casas and Elisabeth Coudert and Paul Denny and Anne Estreicher and Maria Livia Famiglietti and George Georghiou and Arnaud Gos and Nadine Gruaz-Gumowski and Emma Hatton-Ellis and Chantal Hulo and Alexandr Ignatchenko and Florence Jungo and Kati Laiho and Philippe Le Mercier and Damien Lieberherr and Antonia Lock and Yvonne Lussi and Alistair MacDougall and Michele Magrane and Maria J Martin and Patrick Masson and Darren A Natale and Nevila Hyka-Nouspikel and Sandra Orchard and Ivo Pedruzzi and Lucille Pourcel and Sylvain Poux and Sangya Pundir and Catherine Rivoire and Elena Speretta and Shyamala Sundaram and Nidhi Tyagi and Kate Warner and Rossana Zaru and Cathy H Wu and Alexander D Diehl and Juancarlos N Chan and Christian Grove and Raymond Y N Lee and Hans-Michael Muller and Daniela Raciti and Kimberly Van Auken and Paul W Sternberg and Matthew Berriman and Michael Paulini and Kevin Howe and Sibyl Gao and Adam Wright and Lincoln Stein and Douglas G Howe and Sabrina Toro and Monte Westerfield and Pankaj Jaiswal and Laurel Cooper and Justin Elser},
  title = {The Gene Ontology resource: enriching a {GOld} mine},
  journal = {Nucleic Acids Research}
}

@article{kegg-1,
  doi = {10.1093/nar/28.1.27},
  url = {https://doi.org/10.1093/nar/28.1.27},
  year = {2000},
  month = jan,
  publisher = {Oxford University Press ({OUP})},
  volume = {28},
  number = {1},
  pages = {27--30},
  author = {M. Kanehisa},
  title = {{KEGG}: Kyoto Encyclopedia of Genes and Genomes},
  journal = {Nucleic Acids Research}
}

@article{kegg-2,
  doi = {10.1002/pro.3715},
  url = {https://doi.org/10.1002/pro.3715},
  year = {2019},
  month = sep,
  publisher = {Wiley},
  volume = {28},
  number = {11},
  pages = {1947--1951},
  author = {Minoru Kanehisa},
  title = {Toward understanding the origin and evolution of cellular organisms},
  journal = {Protein Science}
}

@article{kegg-3,
  doi = {10.1093/nar/gkaa970},
  url = {https://doi.org/10.1093/nar/gkaa970},
  year = {2020},
  month = oct,
  publisher = {Oxford University Press ({OUP})},
  volume = {49},
  number = {D1},
  pages = {D545--D551},
  author = {Minoru Kanehisa and Miho Furumichi and Yoko Sato and Mari Ishiguro-Watanabe and Mao Tanabe},
  title = {{KEGG}: integrating viruses and cellular organisms},
  journal = {Nucleic Acids Research}
}

@article{pathview,
    author = {{Luo} and {Weijun} and {Brouwer} and {Cory}},
    title = {Pathview: an R/Bioconductor package for pathway-based data integration and visualization},
    journal = {Bioinformatics},
    year = {2013},
    doi = {10.1093/bioinformatics/btt285},
    volume = {29},
    number = {14},
    pages = {1830-1831},
}

@article{motifdb,
    title = {MotifDb: An Annotated Collection of Protein-DNA Binding Sequence Motifs},
    author = {Paul Shannon and Matt Richards},
    year = {2022},
    note = {R package version 1.38.0},
}

@article{string,
  doi = {10.1093/nar/gkn760},
  url = {https://doi.org/10.1093/nar/gkn760},
  year = {2009},
  month = jan,
  publisher = {Oxford University Press ({OUP})},
  volume = {37},
  number = {Database},
  pages = {D412--D416},
  author = {L. J. Jensen and M. Kuhn and M. Stark and S. Chaffron and C. Creevey and J. Muller and T. Doerks and P. Julien and A. Roth and M. Simonovic and P. Bork and C. von Mering},
  title = {{STRING} 8--a global view on proteins and their functional interactions in 630 organisms},
  journal = {Nucleic Acids Research}
}

@article{igraph,
    title = {The igraph software package for complex network research},
    author = {Gabor Csardi and Tamas Nepusz},
    journal = {InterJournal},
    volume = {Complex Systems},
    pages = {1695},
    year = {2006},
    url = {https://igraph.org},
}

@article{biostrings,
    title = {Biostrings: Efficient manipulation of biological strings},
    author = {H. Pagès and P. Aboyoun and R. Gentleman and S. DebRoy},
    year = {2022},
    note = {R package version 2.64.0},
    url = {https://bioconductor.org/packages/Biostrings},
}

@article{jun,
    author = {Wang, Hanlin and Birkenbach, Mark and Hart, John},
    title = "{Expression of Jun family members in human colorectal adenocarcinoma}",
    journal = {Carcinogenesis},
    volume = {21},
    number = {7},
    pages = {1313-1317},
    year = {2000},
    month = {07},
    issn = {0143-3334},
    doi = {10.1093/carcin/21.5.313},
    url = {https://doi.org/10.1093/carcin/21.5.313},
    eprint = {https://academic.oup.com/carcin/article-pdf/21/7/1313/9416790/0211313.pdf},

@article{wnt,
  doi = {10.1007/s11888-017-0354-9},
  url = {https://doi.org/10.1007/s11888-017-0354-9},
  year = {2017},
  month = feb,
  publisher = {Springer Science and Business Media {LLC}},
  volume = {13},
  number = {2},
  pages = {101--110},
  author = {Emma M. Schatoff and Benjamin I. Leach and Lukas E. Dow},
  title = {{WNT} Signaling and Colorectal Cancer},
  journal = {Current Colorectal Cancer Reports}
}

@article{muramatsu,
  title={Glycosaminoglycan-binding cytokines as tumor markers},
  author={Muramatsu, Takashi and Muramatsu, Hisako},
  journal={Proteomics},
  volume={8},
  number={16},
  pages={3350--3359},
  year={2008},
  publisher={Wiley Online Library}
}
@article{kalathas,
  title={Alterations of glycosaminoglycan disaccharide content and composition in colorectal cancer: structural and expressional studies},
  author={Kalathas, Dimitrios and Theocharis, Dimitrios A and Bounias, Dimitrios and Kyriakopoulou, Dora and Papageorgakopoulou, Nikoletta and Stavropoulos, Michael S and Vynios, Demitrios H},
  journal={Oncology reports},
  volume={22},
  number={2},
  pages={369--375},
  year={2009},
  publisher={Spandidos Publications}
}

@article{calcium,
  doi = {10.3748/wjg.v10.i13.1890},
  url = {https://doi.org/10.3748/wjg.v10.i13.1890},
  year = {2004},
  publisher = {Baishideng Publishing Group Inc.},
  volume = {10},
  number = {13},
  pages = {1890},
  author = {Peter Fuszek},
  title = {Relationship between serum calcium and {CA} 19-9 levels in colorectal cancer},
  journal = {World Journal of Gastroenterology}
}
@article{hippo,
  title={The Hippo pathway in colorectal cancer},
  author={Wierzbicki, Piotr M and Rybarczyk, Agnieszka},
  journal={Folia histochemica et cytobiologica},
  volume={53},
  number={2},
  pages={105--119},
  year={2015}
}
@article{IL17,
  title={TNF$\alpha$ and IL-17 cooperatively stimulate glucose metabolism and growth factor production in human colorectal cancer cells},
  author={Straus, Daniel S},
  journal={Molecular cancer},
  volume={12},
  number={1},
  pages={1--13},
  year={2013},
  publisher={BioMed Central}
}
@article{interleu,
  title={The IL-23 to IL-17 cascade inflammation-related cancers},
  author={Wang, Kepeng and Karin, Michael},
  journal={Clin Exp Rheumatol},
  volume={33},
  number={4 Suppl 92},
  pages={S87--90},
  year={2015}
}
@inproceedings{p53,
  title={Exploiting the p53 pathway for the diagnosis and therapy of human cancer},
  author={Lane, David P},
  booktitle={Cold Spring Harbor Symposia on Quantitative Biology},
  volume={70},
  pages={489--497},
  year={2005},
  organization={Cold Spring Harbor Laboratory Press}
}

@article{cdh3,
  title={High expression of CDH3 predicts a good prognosis for colon adenocarcinoma patients},
  author={Xu, Yidong and Zhao, Jianpei and Dai, Xiaoyu and Xie, Yangyang and Dong, Mingjun},
  journal={Experimental and Therapeutic Medicine},
  volume={18},
  number={1},
  pages={841--847},
  year={2019},
  publisher={Spandidos Publications}
}

@article{cellcycle,
  doi = {10.1155/2019/2829798},
  url = {https://doi.org/10.1155/2019/2829798},
  year = {2019},
  month = may,
  publisher = {Hindawi Limited},
  volume = {2019},
  pages = {1--7},
  author = {Lihua Zhang and Dong-Li Hu and Baiyou Tang and Yu Cheng and Chuan Jiao and Lin Cheng and Zhi-Rong Tan and Hong-Hao Zhou},
  title = {{NFE}2L3 Inhibition Induces Cell Cycle Arrest at the G0/G1 Phase in Colorectal Cancer Cells through Downregulating {CCND}1 and {pRb}1-ser807/811},
  journal = {Disease Markers}
}

@article{sap1,
  doi = {10.1074/jbc.m007208200},
  url = {https://doi.org/10.1074/jbc.m007208200},
  year = {2001},
  month = jan,
  publisher = {Elsevier {BV}},
  volume = {276},
  number = {18},
  pages = {15216--15224},
  author = {Tetsuya Noguchi and Masahiro Tsuda and Hitoshi Takeda and Toshiyuki Takada and Kenjiro Inagaki and Takuji Yamao and Kaoru Fukunaga and Takashi Matozaki and Masato Kasuga},
  title = {Inhibition of Cell Growth and Spreading by Stomach Cancer-associated Protein-tyrosine Phosphatase-1 ({SAP}-1) through Dephosphorylation of p130},
  journal = {Journal of Biological Chemistry}
}
@article{epigenomic,
  title={Epigenomic analysis of aberrantly methylated genes in colorectal cancer identifies genes commonly affected by epigenetic alterations},
  author={Kim, Young-Ho and Lee, Han Cheol and Kim, Seon-Young and Yeom, Young Il and Ryu, Kyung Ju and Min, Byung-Hoon and Kim, Duk-Hwan and Son, Hee Jung and Rhee, Poong-Lyul and Kim, Jae J and others},
  journal={Annals of surgical oncology},
  volume={18},
  number={8},
  pages={2338--2347},
  year={2011},
  publisher={Springer}
}

